<record><leader>00000cas a22000007a 4500</leader><controlfield tag="001">1697207</controlfield><controlfield tag="008">751012d18741953ohuwr ne      0    0ger d</controlfield><datafield ind1=" " ind2=" " tag="010"><subfield code="a">sn 91069201 </subfield></datafield><datafield ind1=" " ind2=" " tag="040"><subfield code="a">MUL</subfield><subfield code="b">eng</subfield><subfield code="c">MUL</subfield><subfield code="d">ONP</subfield><subfield code="d">YOX</subfield><subfield code="d">MQN</subfield><subfield code="d">YOX</subfield><subfield code="d">NYS</subfield><subfield code="d">CRL</subfield><subfield code="d">UKMGB</subfield><subfield code="d">OCLCF</subfield><subfield code="d">OCLCO</subfield></datafield><datafield ind1="7" ind2=" " tag="016"><subfield code="a">013933962</subfield><subfield code="2">Uk</subfield></datafield><datafield ind1="1" ind2=" " tag="029"><subfield code="a">AU@</subfield><subfield code="b">000025865423</subfield></datafield><datafield ind1="0" ind2=" " tag="041"><subfield code="a">gereng</subfield></datafield><datafield ind1=" " ind2=" " tag="042"><subfield code="a">msc</subfield></datafield><datafield ind1=" " ind2=" " tag="043"><subfield code="a">n-us-oh</subfield></datafield><datafield ind1="0" ind2="0" tag="245"><subfield code="a">Ohio Waisenfreund.</subfield></datafield><datafield ind1=" " ind2=" " tag="260"><subfield code="a">Pomeroy, O. [Ohio] :</subfield><subfield code="b">Rev. J. Jessing,</subfield><subfield code="c">1874-1953.</subfield></datafield><datafield ind1=" " ind2=" " tag="300"><subfield code="a">80 v. ;</subfield><subfield code="c">39-54 cm.</subfield></datafield><datafield ind1=" " ind2=" " tag="310"><subfield code="a">Weekly</subfield></datafield><datafield ind1="0" ind2=" " tag="362"><subfield code="a">Jahrg. 1, No. 43 (18. Feb. 1874)-    ;    -81 Jahrg. Nr. 17 (22. Aug. 1953).</subfield></datafield><datafield ind1=" " ind2=" " tag="500"><subfield code="a">&quot;Ein Familienblatt fu&#776;r Wahrheit und Recht zur Belehrung und Unterhaltung.&quot;</subfield></datafield><datafield ind1=" " ind2=" " tag="500"><subfield code="a">Published in Columbus, Ohio, Aug. 29, 1877-Aug. 22,1953.</subfield></datafield><datafield ind1=" " ind2=" " tag="515"><subfield code="a">Issues for &lt;Mar. 13, 1918&gt;-Sept. 14, 1932 called also: no. &lt;2342&gt;-3105; occasional irregularities in numbering.</subfield></datafield><datafield ind1=" " ind2=" " tag="546"><subfield code="a">In German and English.</subfield></datafield><datafield ind1=" " ind2=" " tag="550"><subfield code="a">&quot;Erscheint wo&#776;chentlich im Pa&#776;pstlichen Collegium Josephinum der hl. Congregation der Propoganda zum Besten der Priesterzo&#776;glinge und Waisen&quot;, &lt;Mar. 13, 1918&gt;-Sept. 12, 1934; &quot;Erscheint wo&#776;chentlich im Pa&#776;pstlichen Collegium Josephinum der hl. Congregation der Propoganda zum Besten der Priesterzo&#776;glinge&quot;, Sept. 19, 1934-Jan. 18, 1939; &quot;Herausgegeben vom Pa&#776;pstlichen Kollegium Josephinum zum Besten der Priesterzo&#776;glinge&quot;, Jan. 25, 1939-&lt;Dec. 8, 1945&gt;</subfield></datafield><datafield ind1=" " ind2=" " tag="580"><subfield code="a">"Ausgabe des 'Wanderer'", &lt;May 24, 1945-Dec. 8, 1945&gt;</subfield></datafield><datafield ind1=" " ind2="0" tag="650"><subfield code="a">Catholics</subfield><subfield code="z">Ohio</subfield><subfield code="z">Pomeroy</subfield><subfield code="v">Newspapers.</subfield></datafield><datafield ind1=" " ind2="0" tag="650"><subfield code="a">Catholics</subfield><subfield code="z">Ohio</subfield><subfield code="z">Columbus</subfield><subfield code="v">Newspapers.</subfield></datafield><datafield ind1=" " ind2="0" tag="650"><subfield code="a">German Americans</subfield><subfield code="z">Ohio</subfield><subfield code="v">Newspapers.</subfield></datafield><datafield ind1=" " ind2="7" tag="655"><subfield code="a">Newspapers.</subfield><subfield code="2">fast</subfield><subfield code="0">(OCoLC)fst01423814</subfield></datafield><datafield ind1=" " ind2="7" tag="650"><subfield code="a">Catholics.</subfield><subfield code="2">fast</subfield><subfield code="0">(OCoLC)fst00849297</subfield></datafield><datafield ind1=" " ind2="7" tag="650"><subfield code="a">German Americans.</subfield><subfield code="2">fast</subfield><subfield code="0">(OCoLC)fst00941308</subfield></datafield><datafield ind1=" " ind2="7" tag="651"><subfield code="a">Ohio.</subfield><subfield code="2">fast</subfield><subfield code="0">(OCoLC)fst01205075</subfield></datafield><datafield ind1=" " ind2="7" tag="651"><subfield code="a">Ohio</subfield><subfield code="z">Columbus.</subfield><subfield code="2">fast</subfield><subfield code="0">(OCoLC)fst01205076</subfield></datafield><datafield ind1=" " ind2="7" tag="651"><subfield code="a">Ohio</subfield><subfield code="z">Pomeroy.</subfield><subfield code="2">fast</subfield><subfield code="0">(OCoLC)fst01235763</subfield></datafield><datafield ind1="2" ind2=" " tag="710"><subfield code="a">Pontifical College Josephinum.</subfield></datafield><datafield ind1=" " ind2=" " tag="752"><subfield code="a">United States</subfield><subfield code="b">Ohio</subfield><subfield code="c">Meigs</subfield><subfield code="d">Pomeroy.</subfield></datafield><datafield ind1=" " ind2=" " tag="752"><subfield code="a">United States</subfield><subfield code="b">Ohio</subfield><subfield code="c">Franklin</subfield><subfield code="d">Columbus.</subfield></datafield><datafield ind1="0" ind2="0" tag="780"><subfield code="t">Ohio (Pomeroy, Ohio : 1873)</subfield><subfield code="w">(DLC)sn 91069200</subfield><subfield code="w">(OCoLC)25028472</subfield></datafield><datafield ind1="0" ind2="5" tag="780"><subfield code="t">Aurora und christliche Woche</subfield><subfield code="g">1943</subfield><subfield code="w">(DLC)sn 98067599</subfield><subfield code="w">(OCoLC)39034441</subfield></datafield><datafield ind1="0" ind2="5" tag="780"><subfield code="t">Wahrheits-Freund (Cincinnati, Ohio)</subfield><subfield code="g">June 1907</subfield><subfield code="w">(DLC)sn 85034520</subfield><subfield code="w">(OCoLC)1769351</subfield></datafield></record>